% This file was created with JabRef 2.10.
% Encoding: Cp1252


@Book{bentley:1999,
  Title                    = {{P}rogramming {P}earls},
  Author                   = {Jon Bentley},
  Publisher                = {Addison--Wesley},
  Year                     = {1999}
}

@Book{bringhurst:2002,
  Title                    = {{T}he {E}lements of {T}ypographic {S}tyle},
  Author                   = {Robert Bringhurst},
  Publisher                = {Hartley \& Marks Publishers},
  Year                     = {2008}
}

@Book{cormen:2001,
  Title                    = {{I}ntroduction to {A}lgorithms},
  Author                   = {Cormen, Thomas H. and Leiserson, Charles E. and Rivest, Ronald L. and Clifford Stein},
  Publisher                = {The MIT Press},
  Year                     = {2001}
}

@Book{dueck:trio,
  Title                    = {{D}uecks {T}rilogie: {O}mnisophie -- {S}upramanie -- {T}opothesie},
  Author                   = {Gunter Dueck},
  Publisher                = {Springer},
  Year                     = {2005},
  Note                     = {\url{http://www.omnisophie.com}}
}

@Article{knuth:1976,
  Title                    = {{B}ig {O}micron and {B}ig {O}mega and {B}ig {T}heta},
  Author                   = {Knuth, Donald E.},
  Journal                  = {SIGACT News},
  Year                     = {1976},
  Number                   = {2},
  Pages                    = {18--24},
  Volume                   = {8},

  Publisher                = {ACM Press}
}

@Article{knuth:1974,
  Title                    = {{C}omputer {P}rogramming as an {A}rt},
  Author                   = {Knuth, Donald E.},
  Journal                  = {Communications of the ACM},
  Year                     = {1974},
  Number                   = {12},
  Pages                    = {667--673},
  Volume                   = {17},

  Publisher                = {ACM Press}
}

@Article{MorierWeber2011,
  Title                    = {Performance-Vergleich von
PostgreSQL, SQLite, db4o und MongoDB
-
Benchmarking und Performance von (R)DBMS},
  Author                   = {Philippe Morier, Martin Weber},
  Year                     = {2011},

  Owner                    = {alhuber},
  Timestamp                = {2020.03.29}
}

@Book{sommerville:1992,
  Title                    = {{S}oftware {E}ngineering},
  Author                   = {Ian Sommerville},
  Publisher                = {Addison-Wesley},
  Year                     = {1992},

  Address                  = {Boston, MA, USA}
}

